@article{kalman,
    author =       "Kalman, R. E.",
    title =        "{A New Approach to Linear Filtering and Prediction Problems}.",
    journal =      "Transactions of the ASME - Journal of Basic Engineering",
    volume =       "82",
    pages =        "35--45",
    year =         "1960",
}
 
@book{lsst,
    author    = "LSST Science Collaboration, Abell P. A. and Allison J. and Anderson S. F. et al",
    title     = "LSST Science Book, Version 2.0",
    year      = "2009",
    publisher = "arXiv:0912.0201",
}


@ARTICLE{hits,
   author = {{Forster}, F. and {Maureira}, J.~C. and {Gonzalez-Gaitan}, S. and 
	{Medina}, G. and {Pignata}, G. and {Galbany}, L. and {San Martin}, J. and 
	{Hamuy}, M. and {Estevez}, P. and {Smith}, R.~C. and {Vivas}, K. and 
	{Flores}, S. and {Huijse}, P. and {Cabrera}, G. and {Anderson}, J. and 
	{Bufano}, F. and {de Jaeger}, T. and {Martinez}, J. and {Munoz}, R. and 
	{Vera}, E. and {Perez}, C.},
    title = "{HiTS real-time supernova detections}",
  journal = {The Astronomer's Telegram},
 keywords = {Supernovae},
     year = 2015,
    month = feb,
   volume = 7146,
   adsurl = {http://adsabs.harvard.edu/abs/2015ATel.7146....1F},
  adsnote = {Provided by the SAO/NASA Astrophysics Data System}
}

@article{huentelemu,
    author =       "Huentelemu P.",
    title =        "{Filtro de Correntropía para detección de supernovas}.",
    journal = "Tesis de magíster en ciencias de la ingeniería, mención eléctrica de la Universidad de Chile, Facultad de Ciencias Físicas y Matemáticas",
    year =         "2016",
    url = "http://repositorio.uchile.cl/handle/2250/143166"
}


@article{principe,
    author =       "Principe, J. C.",
    title =        "{Information Theoretic Learning: Renyi's Entropy and Kernel Perspectives}.",
    journal =      "Springer Publishing Company",
    year =         "2010",
}

@article{matsinos,
   author = {{Matsinos}, E.},
    title = "{The Kalman Filter: a didactical overview}",
  journal = {ArXiv e-prints},
archivePrefix = "arXiv",
   eprint = {1607.05590},
 keywords = {Computer Science - Systems and Control, I.4.4},
     year = 2016,
    month = jul,
   adsurl = {http://adsabs.harvard.edu/abs/2016arXiv160705590M},
  adsnote = {Provided by the SAO/NASA Astrophysics Data System}
}

@ARTICLE{badong,
   author = {{Chen}, B. and {Liu}, X. and {Zhao}, H. and {Pr{\'{\i}}ncipe}, J.~C.
	},
    title = "{Maximum Correntropy Kalman Filter}",
  journal = {ArXiv e-prints},
archivePrefix = "arXiv",
   eprint = {1509.04580},
 primaryClass = "stat.ML",
 keywords = {Statistics - Machine Learning, Computer Science - Systems and Control},
     year = 2015,
    month = sep,
   adsurl = {http://adsabs.harvard.edu/abs/2015arXiv150904580C},
  adsnote = {Provided by the SAO/NASA Astrophysics Data System}
}

@article{chen,
title = "Maximum correntropy Kalman filter",
journal = "Automatica",
volume = "76",
pages = "70 - 77",
year = "2017",
issn = "0005-1098",
doi = "https://doi.org/10.1016/j.automatica.2016.10.004",
url = "http://www.sciencedirect.com/science/article/pii/S000510981630396X",
author = "Badong Chen and Xi Liu and Haiquan Zhao and Jose C. Principe",
keywords = "Kalman filter, Maximum correntropy criterion (MCC), Fixed-point algorithm"
}

@article{decam,
  title={The dark energy camera (decam)},
  author={DePoy, DL and Abbott, T and Annis, J and Antonik, M and Barcel{\'o}, M and Bernstein, R and Bigelow, B and Brooks, D and Buckley-Geer, E and Campa, J and others},
  booktitle={Ground-based and Airborne Instrumentation for Astronomy II},
  volume={7014},
  pages={70140E},
  year={2008},
  organization={International Society for Optics and Photonics}
}
@article{silverman1981using,
  title={Using kernel density estimates to investigate multimodality},
  author={Silverman, Bernard W},
  journal={Journal of the Royal Statistical Society. Series B (Methodological)},
  pages={97--99},
  year={1981},
  publisher={JSTOR}
}

@article{mercer,
  title={XVI. Functions of positive and negative type, and their connection the theory of integral equations},
  author={J Mercer, BA},
  journal={Phil. Trans. R. Soc. Lond. A},
  volume={209},
  number={441-458},
  pages={415--446},
  year={1909},
  publisher={The Royal Society}
}
@inproceedings{ukf,
  title={The unscented Kalman filter for nonlinear estimation},
  author={Wan, Eric A and Van Der Merwe, Rudolph},
  booktitle={Adaptive Systems for Signal Processing, Communications, and Control Symposium 2000. AS-SPCC. The IEEE 2000},
  pages={153--158},
  year={2000},
  organization={Ieee}
}

@article{naylor,
  title={An optimal extraction algorithm for imaging photometry},
  author={Naylor, Tim},
  journal={Monthly Notices of the Royal Astronomical Society},
  volume={296},
  number={2},
  pages={339--346},
  year={1998},
  publisher={Blackwell Science Ltd Oxford, UK}
}

@article{balestrino,
  title={Generalised entropy of curves for the analysis and classification of dynamical systems},
  author={Balestrino, Aldo and Caiti, Andrea and Crisostomi, Emanuele},
  journal={Entropy},
  volume={11},
  number={2},
  pages={249--270},
  year={2009},
  publisher={Molecular Diversity Preservation International}
}


@inproceedings{pan,
  title={Pan-STARRS: a large synoptic survey telescope array},
  author={Kaiser, Nicholas and Aussel, Herve and Burke, Barry E and Boesgaard, Hans and Chambers, Ken and Chun, Mark Richard and Heasley, James N and Hodapp, Klaus-Werner and Hunt, Bobby and Jedicke, Robert and others},
  booktitle={Survey and Other Telescope Technologies and Discoveries},
  volume={4836},
  pages={154--165},
  year={2002},
  organization={International Society for Optics and Photonics}
}

@article{vista,
  title={The visible \& infrared survey telescope for astronomy},
  author={Emerson, JP and Sutherland, WJ and McPherson, AM and Craig, SC and Dalton, GB and Ward, AK},
  journal={The Messenger},
  volume={117},
  pages={27--32},
  year={2004}
}

@inproceedings{vst,
  title={The VST-VLT Survey Telescope},
  author={Arnaboldi, Magda and Capaccioli, Massimo and Mancini, Dario and Scaramella, Roberto and Sedmak, Giorgio and Kurz, Richard},
  booktitle={From Extrasolar Planets to Cosmology: The VLT Opening Symposium},
  pages={204--208},
  year={2000},
  organization={Springer}
}

@inproceedings{decals,
  title={The DECam Legacy Survey},
  author={Blum, Robert D and Burleigh, Kaylan and Dey, Arjun and Schlegel, David J and Meisner, Aaron M and Levi, Michael and Myers, Adam D and Lang, Dustin and Moustakas, John and Patej, Anna and others},
  booktitle={American Astronomical Society Meeting Abstracts\# 228},
  volume={228},
  year={2016}
}

@article{ssp,
  title={The hyper suprime-cam SSP survey: overview and survey design},
  author={Aihara, Hiroaki and Arimoto, Nobuo and Armstrong, Robert and Arnouts, St{\'e}phane and Bahcall, Neta A and Bickerton, Steven and Bosch, James and Bundy, Kevin and Capak, Peter L and Chan, James HH and others},
  journal={Publications of the Astronomical Society of Japan},
  volume={70},
  number={SP1},
  pages={S4},
  year={2017},
  publisher={Oxford University Press}
}
